<record xmlns="http://www.loc.gov/MARC21/slim" xmlns:xsi="http://www.w3.org/2001/XMLSchema-instance" xsi:schemaLocation="http://www.loc.gov/MARC21/slim http://www.loc.gov/standards/marcxml/schema/MARC21slim.xsd"><leader>02770nam a2200481   4500</leader><controlfield tag="001">3058897</controlfield><controlfield tag="003">NNC</controlfield><controlfield tag="006">m        d        </controlfield><controlfield tag="007">cr cn |||m|||a</controlfield><controlfield tag="008">150110s1950    ua      ob    001 0 arard</controlfield><datafield ind1=" " ind2=" " tag="040"><subfield code="a">NNU</subfield><subfield code="b">eng</subfield><subfield code="e">rda</subfield><subfield code="c">NNU</subfield></datafield><datafield ind1=" " ind2="4" tag="050"><subfield code="a">BP195.B3</subfield><subfield code="b">D39 1950</subfield></datafield><datafield ind1="1" ind2=" " tag="100"><subfield code="6">880-01</subfield><subfield code="a">Daylami&#772;, Muh&#803;ammad ibn al-H&#803;asan,</subfield><subfield code="d">-1311 or 1312.</subfield></datafield><datafield ind1="1" ind2="0" tag="245"><subfield code="6">880-02</subfield><subfield code="a">Qawa&#772;&#699;id &#699;aqa&#772;&#700;id a&#772;l Muh&#803;ammad :</subfield><subfield code="b">al-Ba&#772;t&#803;ini&#772;yah /</subfield><subfield code="c">Muh&#803;ammad ibn al-H&#803;asan al-Daylami&#772; al-Yama&#772;ni&#772; ; &#699;arafa al-kita&#772;b wa-qaddamahu lil-qurra&#772;&#700; Muh&#803;ammad Za&#772;hid ibn al-H&#803;asan al-Kawthari&#772; ; &#699;uniya bi-nashrahu wa-s&#803;ah&#803;h&#803;ah&#803;ahu wa-wad&#803;a&#699;a faha&#772;rusuhu &#699;Izzat al-&#699;At&#803;t&#803;a&#772;r al-H&#803;usayni&#772;.</subfield></datafield><datafield ind1=" " ind2=" " tag="260"><subfield code="6">880-03</subfield><subfield code="a">al-Qa&#772;hirah :</subfield><subfield code="b">publisher not identified,</subfield><subfield code="c">1950</subfield><subfield code="e">(al-Qa&#772;hirah :</subfield><subfield code="f">Mat&#803;ba&#699;at al-Sa&#699;a&#772;dah)</subfield></datafield><datafield ind1=" " ind2=" " tag="300"><subfield code="a">online resource (157, 2 pages)</subfield></datafield><datafield ind1=" " ind2=" " tag="336"><subfield code="a">text</subfield><subfield code="2">rdacontent</subfield></datafield><datafield ind1=" " ind2=" " tag="337"><subfield code="a">computer</subfield><subfield code="2">rdamedia</subfield></datafield><datafield ind1=" " ind2=" " tag="338"><subfield code="a">online resource</subfield><subfield code="2">rdacarrier</subfield></datafield><datafield ind1="1" ind2=" " tag="490"><subfield code="6">880-04</subfield><subfield code="a">Kutub na&#772;dirah ;</subfield><subfield code="v">500</subfield></datafield><datafield ind1=" " ind2=" " tag="500"><subfield code="a">Part of the Arabic Collections Online (ACO) project, contributed by Columbia University Libraries.</subfield></datafield><datafield ind1=" " ind2=" " tag="504"><subfield code="a">Includes bibliographical references and indexes.</subfield></datafield><datafield ind1=" " ind2=" " tag="533"><subfield code="a">Electronic reproduction.</subfield><subfield code="b">New York, N.Y. :</subfield><subfield code="c">New York University,</subfield><subfield code="d">2015.</subfield><subfield code="5">NNU</subfield></datafield><datafield ind1=" " ind2="0" tag="650"><subfield code="a">Batinites.</subfield></datafield><datafield ind1=" " ind2="0" tag="650"><subfield code="a">Islam.</subfield></datafield><datafield ind1=" " ind2="7" tag="650"><subfield code="a">Batinites.</subfield><subfield code="2">fast</subfield><subfield code="0">(OCoLC)fst00828800</subfield></datafield><datafield ind1=" " ind2="7" tag="650"><subfield code="a">Islam.</subfield><subfield code="2">fast</subfield><subfield code="0">(OCoLC)fst00979776</subfield></datafield><datafield ind1="1" ind2=" " tag="700"><subfield code="6">880-05</subfield><subfield code="a">Kawthari&#772;, Muh&#803;ammad Za&#772;hid ibn al-H&#803;asan.</subfield></datafield><datafield ind1="1" ind2=" " tag="700"><subfield code="6">880-06</subfield><subfield code="a">H&#803;usayni&#772;, &#699;Izzat al-&#699;At&#803;t&#803;a&#772;r.</subfield></datafield><datafield ind1="2" ind2=" " tag="710"><subfield code="a">Columbia University.</subfield><subfield code="b">Libraries.</subfield></datafield><datafield ind1="0" ind2=" " tag="730"><subfield code="a">Arabic Collections Online.</subfield></datafield><datafield ind1="0" ind2="8" tag="776"><subfield code="i">Print version:</subfield><subfield code="a">Daylami&#772;, Muh&#803;ammad ibn al-H&#803;asan, -1311 or 1312.</subfield><subfield code="t">Qawa&#772;&#699;id &#699;aqa&#772;&#700;id a&#772;l Muh&#803;ammad</subfield><subfield code="w">(NNC)3058897</subfield><subfield code="w">(OCoLC)11795623</subfield></datafield><datafield ind1=" " ind2="0" tag="830"><subfield code="6">880-07</subfield><subfield code="a">Kutub na&#772;dirah ;</subfield><subfield code="v">500.</subfield></datafield><datafield ind1="4" ind2="0" tag="856"><subfield code="u">http://hdl.handle.net/2333.1/vmcvdq81</subfield></datafield><datafield ind1="1" ind2=" " tag="880"><subfield code="6">100-01/r</subfield><subfield code="a">&#1583;&#1610;&#1604;&#1605;&#1610;&#1548; &#1605;&#1581;&#1605;&#1583; &#1576;&#1606; &#1575;&#1604;&#1581;&#1587;&#1606;&#1548;</subfield><subfield code="d">-1311 or 1312.</subfield></datafield><datafield ind1="1" ind2="0" tag="880"><subfield code="6">245-02/r</subfield><subfield code="a">&#1602;&#1608;&#1575;&#1593;&#1583; &#1593;&#1602;&#1575;&#1574;&#1583; &#1570;&#1604; &#1605;&#1581;&#1605;&#1583; :</subfield><subfield code="b">&#1575;&#1604;&#1576;&#1575;&#1591;&#1606;&#1610;&#1577; /</subfield><subfield code="c">&#1605;&#1581;&#1605;&#1583; &#1576;&#1606; &#1575;&#1604;&#1581;&#1587;&#1606; &#1575;&#1604;&#1583;&#1610;&#1604;&#1605;&#1610; &#1575;&#1604;&#1610;&#1605;&#1575;&#1606;&#1610; &#1563; &#1593;&#1585;&#1601; &#1575;&#1604;&#1603;&#1578;&#1575;&#1576; &#1608;&#1602;&#1583;&#1605;&#1607; &#1604;&#1604;&#1602;&#1585;&#1575;&#1569; &#1605;&#1581;&#1605;&#1583; &#1586;&#1575;&#1607;&#1583; &#1576;&#1606; &#1575;&#1604;&#1581;&#1587;&#1606; &#1575;&#1604;&#1603;&#1608;&#1579;&#1585;&#1610; &#1563; &#1593;&#1606;&#1610; &#1576;&#1606;&#1588;&#1585;&#1607; &#1608;&#1589;&#1581;&#1581;&#1607; &#1608;&#1608;&#1590;&#1593; &#1601;&#1607;&#1575;&#1585;&#1587;&#1607; &#1593;&#1575;&#1586;&#1577; &#1575;&#1604;&#1593;&#1591;&#1575;&#1585; &#1575;&#1604;&#1581;&#1587;&#1610;&#1606;&#1610;.</subfield></datafield><datafield ind1=" " ind2=" " tag="880"><subfield code="6">260-03/r</subfield><subfield code="a">&#1575;&#1604;&#1602;&#1575;&#1607;&#1585;&#1577; :</subfield><subfield code="b"> publisher not identified,</subfield><subfield code="c">1950</subfield><subfield code="e">(&#1604;&#1602;&#1575;&#1607;&#1585;&#1577; :</subfield><subfield code="f">&#1605;&#1591;&#1576;&#1593;&#1577; &#1575;&#1604;&#1587;&#1593;&#1575;&#1583;&#1607;)</subfield></datafield><datafield ind1="1" ind2=" " tag="880"><subfield code="6">490-04/r</subfield><subfield code="a">&#1603;&#1578;&#1576; &#1606;&#1575;&#1583;&#1585;&#1577; &#1563;</subfield><subfield code="v">500</subfield></datafield><datafield ind1="1" ind2=" " tag="880"><subfield code="6">700-05/r</subfield><subfield code="a">&#1603;&#1608;&#1579;&#1585;&#1610;&#1548; &#1605;&#1581;&#1605;&#1583; &#1586;&#1575;&#1607;&#1583; &#1576;&#1606; &#1575;&#1604;&#1581;&#1587;&#1606;.</subfield></datafield><datafield ind1="1" ind2=" " tag="880"><subfield code="6">700-06/r</subfield><subfield code="a">&#1581;&#1587;&#1610;&#1606;&#1610;&#1548; &#1593;&#1586;&#1578; &#1593;&#1591;&#1575;&#1585;.</subfield></datafield><datafield ind1=" " ind2="0" tag="880"><subfield code="6">830-07/r</subfield><subfield code="a">&#1603;&#1578;&#1576; &#1606;&#1575;&#1583;&#1585;&#1577; &#1563;</subfield><subfield code="v">500.</subfield></datafield><datafield ind1=" " ind2=" " tag="959"><subfield code="a">NNU</subfield><subfield code="b">WEB</subfield><subfield code="c">GENI</subfield><subfield code="t">0</subfield><subfield code="m">Electronic access</subfield><subfield code="s">01</subfield></datafield><datafield ind1=" " ind2=" " tag="999"><subfield code="i">NNC_3058897</subfield><subfield code="o">(OCoLC)11795623</subfield></datafield></record>